<?xml version="1.0" encoding="UTF-8"?>
<marc:record xmlns:marc="http://www.loc.gov/MARC21/slim"
             xmlns:saxon="http://icl.com/saxon"
             xmlns="http://www.loc.gov/MARC21/slim"
             xmlns:oclcterms="http://purl.org/oclc/terms/"
             xmlns:dc="http://purl.org/dc/elements/1.1/"
             xmlns:diag="http://www.loc.gov/zing/srw/diagnostic/"
             xmlns:zs="http://www.loc.gov/zing/srw/"
             xmlns:xlink="http://www.w3.org/1999/xlink"
             xmlns:xsi="http://www.w3.org/2001/XMLSchema-instance"
             xsi:schemaLocation="http://www.loc.gov/MARC21/slim https://www.loc.gov/standards/marcxml/schema/MARC21slim.xsd">
   <leader>00000cam a2200000 a 4500</leader>
   <controlfield tag="001">35101144</controlfield>
   <controlfield tag="003">OCoLC</controlfield>
   <controlfield tag="008">960718s1996 mnua f000 0 eng d</controlfield>
   <datafield ind1=" " ind2=" " tag="010">
      <subfield code="a"> 96190952 </subfield>
   </datafield>
   <datafield ind1=" " ind2=" " tag="040">
      <subfield code="a">DNAL</subfield>
      <subfield code="b">eng</subfield>
      <subfield code="c">DLC</subfield>
      <subfield code="d">BTCTA</subfield>
      <subfield code="d">OCLCO</subfield>
      <subfield code="d">OCLCF</subfield>
      <subfield code="d">OCLCQ</subfield>
      <subfield code="d">OCLCA</subfield>
      <subfield code="d">AGM</subfield>
      <subfield code="d">OCLCA</subfield>
      <subfield code="d">WURST</subfield>
   </datafield>
   <datafield ind1="1" ind2=" " tag="029">
      <subfield code="a">AU@</subfield>
      <subfield code="b">000013506095</subfield>
   </datafield>
   <datafield ind1="1" ind2=" " tag="029">
      <subfield code="a">GBVCP</subfield>
      <subfield code="b">224725882</subfield>
   </datafield>
   <datafield ind1="1" ind2=" " tag="029">
      <subfield code="a">NLGGC</subfield>
      <subfield code="b">194769283</subfield>
   </datafield>
   <datafield ind1="1" ind2=" " tag="029">
      <subfield code="a">NZ1</subfield>
      <subfield code="b">4789510</subfield>
   </datafield>
   <datafield ind1=" " ind2=" " tag="042">
      <subfield code="a">lccopycat</subfield>
   </datafield>
   <datafield ind1=" " ind2=" " tag="043">
      <subfield code="a">n-us-mn</subfield>
   </datafield>
   <datafield ind1="0" ind2="0" tag="050">
      <subfield code="a">HC107.M6</subfield>
      <subfield code="b">K45 1996</subfield>
   </datafield>
   <datafield ind1="0" ind2=" " tag="070">
      <subfield code="a">aSD11.A352</subfield>
      <subfield code="b">no.181</subfield>
   </datafield>
   <datafield ind1=" " ind2="0" tag="072">
      <subfield code="a">P200</subfield>
   </datafield>
   <datafield ind1="1" ind2=" " tag="100">
      <subfield code="a">Kelly, Tim.</subfield>
   </datafield>
   <datafield ind1="1" ind2="0" tag="245">
      <subfield code="a">Using surveys as input to comprehensive watershed management
              :</subfield>
      <subfield code="b">a case study from Minnesota /</subfield>
      <subfield code="c">Tim Kelly and Ron Sushak.</subfield>
   </datafield>
   <datafield ind1=" " ind2=" " tag="260">
      <subfield code="a">St. Paul, Minn. :</subfield>
      <subfield code="b">U.S. Dept. of Agriculture, Forest Service, North Central Forest
              Experiment Station,</subfield>
      <subfield code="c">1996.</subfield>
   </datafield>
   <datafield ind1=" " ind2=" " tag="300">
      <subfield code="a">31 pages :</subfield>
      <subfield code="b">illustrations ;</subfield>
      <subfield code="c">28 cm.</subfield>
   </datafield>
   <datafield ind1=" " ind2=" " tag="336">
      <subfield code="a">text</subfield>
      <subfield code="b">txt</subfield>
      <subfield code="2">rdacontent</subfield>
   </datafield>
   <datafield ind1=" " ind2=" " tag="337">
      <subfield code="a">unmediated</subfield>
      <subfield code="b">n</subfield>
      <subfield code="2">rdamedia</subfield>
   </datafield>
   <datafield ind1=" " ind2=" " tag="338">
      <subfield code="a">volume</subfield>
      <subfield code="b">nc</subfield>
      <subfield code="2">rdacarrier</subfield>
   </datafield>
   <datafield ind1="1" ind2=" " tag="490">
      <subfield code="a">General technical report NC ;</subfield>
      <subfield code="v">181</subfield>
   </datafield>
   <datafield ind1=" " ind2=" " tag="500">
      <subfield code="a">Cover title.</subfield>
   </datafield>
   <datafield ind1=" " ind2="0" tag="650">
      <subfield code="a">Natural resources</subfield>
      <subfield code="z">Minnesota</subfield>
      <subfield code="x">Management</subfield>
      <subfield code="x">Citizen participation.</subfield>
   </datafield>
   <datafield ind1=" " ind2="0" tag="650">
      <subfield code="a">Land use</subfield>
      <subfield code="z">Minnesota</subfield>
      <subfield code="x">Public opinion.</subfield>
   </datafield>
   <datafield ind1=" " ind2="0" tag="651">
      <subfield code="a">Minnesota</subfield>
      <subfield code="x">Environmental conditions</subfield>
      <subfield code="x">Public opinion.</subfield>
   </datafield>
   <datafield ind1=" " ind2="0" tag="650">
      <subfield code="a">Public opinion</subfield>
      <subfield code="z">Minnesota.</subfield>
   </datafield>
   <datafield ind1=" " ind2="3" tag="650">
      <subfield code="a">Watershed management.</subfield>
   </datafield>
   <datafield ind1=" " ind2="3" tag="650">
      <subfield code="a">Resource management.</subfield>
   </datafield>
   <datafield ind1=" " ind2="3" tag="650">
      <subfield code="a">Landowners.</subfield>
   </datafield>
   <datafield ind1=" " ind2="3" tag="650">
      <subfield code="a">Public opinion.</subfield>
   </datafield>
   <datafield ind1=" " ind2="3" tag="650">
      <subfield code="a">Surveys.</subfield>
   </datafield>
   <datafield ind1=" " ind2="3" tag="650">
      <subfield code="a">Information dissemination.</subfield>
   </datafield>
   <datafield ind1=" " ind2="3" tag="651">
      <subfield code="a">Mississippi.</subfield>
   </datafield>
   <datafield ind1=" " ind2="7" tag="650">
      <subfield code="a">Ecology</subfield>
      <subfield code="x">Public opinion.</subfield>
      <subfield code="2">fast</subfield>
      <subfield code="0">(OCoLC)fst00901518</subfield>
   </datafield>
   <datafield ind1=" " ind2="7" tag="650">
      <subfield code="a">Land use</subfield>
      <subfield code="x">Public opinion.</subfield>
      <subfield code="2">fast</subfield>
      <subfield code="0">(OCoLC)fst00991559</subfield>
   </datafield>
   <datafield ind1=" " ind2="7" tag="650">
      <subfield code="a">Natural resources</subfield>
      <subfield code="x">Management</subfield>
      <subfield code="x">Citizen participation.</subfield>
      <subfield code="2">fast</subfield>
      <subfield code="0">(OCoLC)fst01034439</subfield>
   </datafield>
   <datafield ind1=" " ind2="7" tag="650">
      <subfield code="a">Public opinion.</subfield>
      <subfield code="2">fast</subfield>
      <subfield code="0">(OCoLC)fst01082785</subfield>
   </datafield>
   <datafield ind1=" " ind2="7" tag="651">
      <subfield code="a">Minnesota.</subfield>
      <subfield code="2">fast</subfield>
      <subfield code="0">(OCoLC)fst01204560</subfield>
   </datafield>
   <datafield ind1="0" ind2="0" tag="653">
      <subfield code="a">bosbouw</subfield>
   </datafield>
   <datafield ind1="0" ind2="0" tag="653">
      <subfield code="a">forestry</subfield>
   </datafield>
   <datafield ind1="0" ind2="0" tag="653">
      <subfield code="a">bodembescherming</subfield>
   </datafield>
   <datafield ind1="0" ind2="0" tag="653">
      <subfield code="a">soil conservation</subfield>
   </datafield>
   <datafield ind1="0" ind2="0" tag="653">
      <subfield code="a">waterbescherming</subfield>
   </datafield>
   <datafield ind1="0" ind2="0" tag="653">
      <subfield code="a">water conservation</subfield>
   </datafield>
   <datafield ind1="0" ind2="0" tag="653">
      <subfield code="a">erosie</subfield>
   </datafield>
   <datafield ind1="0" ind2="0" tag="653">
      <subfield code="a">erosion</subfield>
   </datafield>
   <datafield ind1="0" ind2="0" tag="653">
      <subfield code="a">hydrologie</subfield>
   </datafield>
   <datafield ind1="0" ind2="0" tag="653">
      <subfield code="a">hydrology</subfield>
   </datafield>
   <datafield ind1="0" ind2="0" tag="653">
      <subfield code="a">beheer van waterbekkens</subfield>
   </datafield>
   <datafield ind1="0" ind2="0" tag="653">
      <subfield code="a">watershed management</subfield>
   </datafield>
   <datafield ind1="0" ind2="0" tag="653">
      <subfield code="a">bosbeleid</subfield>
   </datafield>
   <datafield ind1="0" ind2="0" tag="653">
      <subfield code="a">forest policy</subfield>
   </datafield>
   <datafield ind1="0" ind2="0" tag="653">
      <subfield code="a">participatie</subfield>
   </datafield>
   <datafield ind1="0" ind2="0" tag="653">
      <subfield code="a">participation</subfield>
   </datafield>
   <datafield ind1="0" ind2="0" tag="653">
      <subfield code="a">bossen</subfield>
   </datafield>
   <datafield ind1="0" ind2="0" tag="653">
      <subfield code="a">forests</subfield>
   </datafield>
   <datafield ind1="0" ind2="0" tag="653">
      <subfield code="a">milieubescherming</subfield>
   </datafield>
   <datafield ind1="0" ind2="0" tag="653">
      <subfield code="a">environmental protection</subfield>
   </datafield>
   <datafield ind1="0" ind2="0" tag="653">
      <subfield code="a">conservering</subfield>
   </datafield>
   <datafield ind1="0" ind2="0" tag="653">
      <subfield code="a">conservation</subfield>
   </datafield>
   <datafield ind1="0" ind2="0" tag="653">
      <subfield code="a">sociale wetenschappen</subfield>
   </datafield>
   <datafield ind1="0" ind2="0" tag="653">
      <subfield code="a">social sciences</subfield>
   </datafield>
   <datafield ind1="0" ind2="0" tag="653">
      <subfield code="a">sociologie</subfield>
   </datafield>
   <datafield ind1="0" ind2="0" tag="653">
      <subfield code="a">sociology</subfield>
   </datafield>
   <datafield ind1="0" ind2="0" tag="653">
      <subfield code="a">karteringen</subfield>
   </datafield>
   <datafield ind1="0" ind2="0" tag="653">
      <subfield code="a">surveys</subfield>
   </datafield>
   <datafield ind1="0" ind2="0" tag="653">
      <subfield code="a">onderzoek</subfield>
   </datafield>
   <datafield ind1="0" ind2="0" tag="653">
      <subfield code="a">research</subfield>
   </datafield>
   <datafield ind1="0" ind2="0" tag="653">
      <subfield code="a">minnesota</subfield>
   </datafield>
   <datafield ind1="1" ind2="0" tag="653">
      <subfield code="a">Environmental Protection</subfield>
   </datafield>
   <datafield ind1="2" ind2="0" tag="653">
      <subfield code="a">Forest Damage and Protection</subfield>
   </datafield>
   <datafield ind1="1" ind2="0" tag="653">
      <subfield code="a">Milieubescherming</subfield>
   </datafield>
   <datafield ind1="2" ind2="0" tag="653">
      <subfield code="a">Bosschade en -bescherming</subfield>
   </datafield>
   <datafield ind1="1" ind2=" " tag="700">
      <subfield code="a">Sushak, Ron.</subfield>
   </datafield>
   <datafield ind1="2" ind2=" " tag="710">
      <subfield code="a">North Central Forest Experiment Station (Saint Paul,
              Minn.)</subfield>
   </datafield>
   <datafield ind1="0" ind2="8" tag="776">
      <subfield code="i">Online version:</subfield>
      <subfield code="a">Kelly, Tim.</subfield>
      <subfield code="t">Using surveys as input to comprehensive watershed
              management.</subfield>
      <subfield code="d">St. Paul, Minn. : U.S. Dept. of Agriculture, Forest Service, North
              Central Forest Experiment Station, 1996</subfield>
      <subfield code="w">(OCoLC)904204391</subfield>
   </datafield>
   <datafield ind1=" " ind2="0" tag="830">
      <subfield code="a">General technical report NC ;</subfield>
      <subfield code="v">181.</subfield>
   </datafield>
   <datafield ind1=" " ind2=" " tag="938">
      <subfield code="a">Baker and Taylor</subfield>
      <subfield code="b">BTCP</subfield>
      <subfield code="n">96190952</subfield>
   </datafield>
</marc:record>
